@article{Bruijn72,
  author  = "N.G. {de Bruijn}",
  title   = "Lambda calculus notation with nameless dummies, a tool for automatic formula manipulation, with application to the Church-Rosser theorem",
  journal = "Indagationes Mathematicae (Proceedings)",
  volume  = "75",
  number  = "5",
  pages   = "381 - 392",
  year    = "1972",
  issn    = "1385-7258",
  doi     = "https://doi.org/10.1016/1385-7258(72)90034-0",
}
@book{MacLane98,
  author    = {Mac Lane, Saunders},
  title     = {Categories for the working mathematician},
  series    = {Graduate Texts in Mathematics},
  volume    = {5},
  edition   = {Second},
  publisher = {Springer-Verlag, New York},
  year      = {1998},
  pages     = {xii+314},
  isbn      = {0-387-98403-8}
}
@techreport{Aczel93,
  author      = {Aczel, Peter},
  title       = {Galois: A Theory Development Project},
  institution = {Departments of Computer Science and Mathematics, Manchester University},
  year        = {1995},
  month       = {6},
  note        = {Available at \url{http://www.cs.man.ac.uk/~petera/galois.ps.gz}}
}