@article{Bruijn72,
  author  = "N.G. {de Bruijn}",
  title   = "Lambda calculus notation with nameless dummies, a tool for automatic formula manipulation, with application to the Church-Rosser theorem",
  journal = "Indagationes Mathematicae (Proceedings)",
  volume  = "75",
  number  = "5",
  pages   = "381 - 392",
  year    = "1972",
  issn    = "1385-7258",
  doi     = "https://doi.org/10.1016/1385-7258(72)90034-0",
}
