@Article{Arai:1998,
  Author = {Toshiyasu Arai},
  Title = {Some Results on Cut-elimination, Provable Well-orderings, Induction and Reflection},
  Journal = {Annals of Pure and Applied Logic},
  Year = {1998},
  volume = {95},
  number = {},
  pages = {93--184},
  month = {},
  note = {}
 }
 
@Article{Arai:2011,
  Author = {Toshiyasu Arai},
  Title = {Quick Cut-elimination for Strictly Positive Cuts},
  Journal = {Annals of Pure and Applied Logic},
  Year = {2011},
  volume = {162},
  number = {},
  pages = {807--815},
  month = {},
  note = {}
 }

@Article{Buchholz:1997,
  Author = {Wilfried Buchholz},
  Title = {An Intuitionistic Fixed Point Theory},
  Journal = {Archive for Mathematical Logic},
  Year = {1997},
  volume = {37},
  number = {},
  pages = {21--27},
  month = {},
  note = {}
 }

@Book{Halbach:2011,
  Author = {Volker Halbach},
  Title = {Axiomatic Theories of Truth},
  Publisher = {Cambridge University Press},
  Year = {2011},
  volume = {},
  number = {},
  series = {},
  adress = {The Edinburgh Building, Cambridge CB2 8RU, UK},
  edition = {},
  month = {},
  note = {},
  abstract/summary = {},
  keywords = {}
}

@Article{Ruede_Strahm:2002,
  Author = {Christian R{\"u}ede and Thomas Strahm},
  Title = {Intuitionistic Fixed Point Theories for Strictly Positive Operators},
  Journal = {Mathematical Logic Quaterly},
  Year = {2002},
  volume = {48},
  number = {},
  pages = {195--202},
  month = {},
  note = {}
 }

@Book{Troelstra_vanDalen:1988,
  Author = {Anne Sjerp Troelstra and Dirk van Dalen},
  Title = {Constructivism in Mathematics: An Introduction, vol.~1},
  Publisher = {Elsevier Science Publishers B.V.},
  Year = {1988},
  volume = {121},
  series = {Studies in Logic and the Foundations of Mathematics},
  adress = {P.O.~BOX 1991, 1000 BZ Amsterdam, The Netherlands},
  edition = {},
  month = {},
  note = {},
  abstract/summary = {},
  keywords = {}
}