@Techreport{aczel_rathjen:2001,
  Author = {Peter Aczel and Michael Rathjen},
  Title = {Notes on Constructive Set Theory},
  Institution = {Institut Mittag-Leffler},
  Year = {2001},
  type = {},
  number = {40 2000/2001},
  adress = {},
  month = {July},
  note = {The Royal Swedish Academy of Sciences; ISSN 1103-467X; ISNR IML-R- -40-00/01- -SE}
}

@Book{jech:2002,
  Author = {Thomas J. Jech},
  Title = {Set Theory},
  Publisher = {Springer},
  Year = {2002},
  volume = {},
  number = {},
  series = {Springer Monographs in Mathematics},
  adress = {},
  edition = {Third Millennium},
  month = {},
  note = {}
}

@Book{moschovakis:2006,
  Author = {Yiannis Moschovakis},
  Title = {Notes on Set Theory},
  Publisher = {Springer},
  Year = {2006},
  volume = {},
  number = {},
  series = {Undergraduate Texts in Mathematics},
  adress = {},
  edition = {Second},
  month = {},
  note = {}
}

@Book{peano:1889,
  Author = {Guiseppe Peano},
  Title = {Arithmetices principia, nova methodo exposita},
  Publisher = {Bocca and Clausen},
  Year = {1889},
  volume = {},
  number = {},
  series = {},
  adress = {Turin},
  edition = {},
  month = {},
  note = {English translation of the relevant part: \cite{peano:1889/1967}}
}

@Inproceedings{peano:1889/1967,
  Author = {Guiseppe Peano},
  Title = {The Principels of Arithmetic, Presented by a New Method},
  Booktitle = {From {F}rege to {G}{\"o}del: A Source Book in Mathematical Logic},
  Year = {1967},
  editor = {van Heijenoort, Jean},
  volume = {},
  number = {},
  series = {Source Books in the History of the Sciences},
  pages = {85 -- 97},
  adress = {Cambridge, Massachusetts},
  month = {},
  organisation = {},
  publisher = {Harvard University Press},
  note = {English translation of central parts of \cite{peano:1889}}
}

@Inproceedings{aczel:1978,
  Author = {Peter Aczel},
  Title = {The Type Theoretic Interpretation of Constructive Set Theory},
  Booktitle = {Logic Colloquium '77},
  Publisher = {North--Holland, Amsterdam-New York},
  Year = {1978},
  editor = {Angus MacIntyre and Leszek Pacholski and Jeff Paris},
  pages = {55--66}
}
